% the terms like handout and texTemp are the unique identifiers you use to cite the item in your paper

@unpublished{security-now,  
 author  = {Steve Gibson},
 title   = {Security Now! Episode 272 (Transcript)},
 year    =  {2010},
 month   = {October},
 url     = {http://www.grc.com/sn/sn-272.htm},
 annote  = {Transcript of a podcast in which Leo Laporte and Steve Gibson discuss Firesheep.},
}


@unpublished{eric-butler,  
 author  = {Eric Butler},
 title   = {Firesheep},
 year    =  {2010},
 month   = {October},
 url     = {http://codebutler.com/firesheep/?c=1},
 annote  = {Eric Butler's personal blog post detailing Firesheep.},
}

@unpublished{butler-fallout,  
 author  = {Eric Butler},
 title   = {Firesheep, three weeks later: Fallout},
 year    =  {2010},
 month   = {November},
 url     = {http://codebutler.com/firesheep-three-weeks-later-fallout/},
 annote  = {Eric Butler's personal blog post detailing the fallout of Firesheep},
}

@unpublished{disconnect-blog,  
 author  = {Brian Kennish},
 title   = {Widgetjacking: Why more social widgets mean less secure Wi-Fi},
 year    =  {2011},
 month   = {November},
 url     = {https://blog.disconnect.me/widgetjacking},
 annote  = {A blog discussing "life after Firesheep"},
}

@published{se-code,
 author = {Association for Computing Machinery},
 title = {Software Engineering Code of Ethics and Professional Practice},
 url = {http://www.acm.org/about/se-code},
 annote = {The ACM Code of Ethics that this paper uses to define 'ethics'}}
 
 @unpublished{firesheep-source,
 author = {Eric Butler},
 title = {Firesheep source code (GitHub)},
 url = {https://github.com/codebutler/firesheep/wiki/Handlers},
 annote = {Source code and documentation for Firesheep}}