% the terms like handout and texTemp are the unique identifiers you use to cite the item in your paper

@unpublished{security-now,  
 author  = {Steve Gibson},
 title   = {Security Now! Episode 272 (Transcript)},
 year    =  {2010},
 month   = {October},
 url     = {http://www.grc.com/sn/sn-272.htm},
 annote  = {Transcript of a podcast in which Leo Laporte and Steve Gibson discuss Firesheep.},
}


@unpublished{eric-butler,  
 author  = {Eric Butler},
 title   = {Firesheep},
 year    =  {2010},
 month   = {October},
 url     = {http://codebutler.com/firesheep/?c=1},
 annote  = {Eric Butler's personal blog post detailing Firesheep.},
}


@article {danger,
    title = {Online Etymology Dictionary},
    month = {Jun},
    day = {02},
    year = {2013},
    url = {http://dictionary.reference.com/browse/danger},
}

@article {actual,
    title = {Dictionary.com Unabridged},
    month = {Jun},
    day = {02},
    year = {2013},
    url = {http://dictionary.reference.com/browse/actual},
}

@article {potential,
    title = {Dictionary.com Unabridged},
    month = {Jun},
    day = {02},
    year = {2013},
    url = {http://dictionary.reference.com/browse/potential},
}

@unpublished{firesheep-day-later,  
 author  = {Eric Butler},
 title   = {Firesheep, a day later},
 year    =  {2010},
 month   = {October},
 url     = {http://codebutler.com/firesheep-a-day-later/},
 annote  = {Eric Butler's personal blog; his thoughts on Firesheep the day after release},
}

@article {disclose,
    title = {Dictionary.com Unabridged},
    month = {Jun},
    day = {02},
    year = {2013},
    url = {http://dictionary.reference.com/browse/disclose},
}



@published{firesheep-huge-hit,
author = {Sarah Jacobsson Purewal},
title = {Firesheep's a Huge Hit with Amateur Hackers},
year = {2010},
month = {October},
url = {http://www.pcworld.com/article/208773/Firesheeps_a_Huge_Hit_with_Amateur_Hackers.html},
annote = {News post about Firesheep being popular among unqualified hackers}}

@unpublished{illegal-to-use-firesheep,
author = {Gregg Keizer},
title = {Is it legal to use Firesheep at Starbucks?},
year = {2010},
month = {November},
url = {http://www.computerworld.com/s/article/9194159/Is_it_legal_to_use_Firesheep_at_Starbucks_},
annote = {Article on the legality of Firesheep},
}


@unpublished{illegal-to-use-firesheep-uk,
author = {TechnoLlama},
title = {Is Firesheep illegal?},
year = {2010},
month = {November},
url = {http://www.technollama.co.uk/is-firesheep-illegal},
annote = {UK Article on the legality of Firesheep},
}

@unpublished{butler-fallout,  
 author  = {Eric Butler},
 title   = {Firesheep, three weeks later: Fallout},
 year    =  {2010},
 month   = {November},
 url     = {http://codebutler.com/firesheep-three-weeks-later-fallout/},
 annote  = {Eric Butler's personal blog post detailing the fallout of Firesheep},
}

@unpublished{butler-week-later,  
 author  = {Eric Butler},
 title   = {Firesheep, a week later: Ethics and Legality},
 year    =  {2010},
 month   = {November},
 url     = {http://codebutler.com/firesheep-a-week-later-ethics-and-legality/},
 annote  = {Eric Butler's personal blog post detailing the ethics and legality of Firesheep},
}


@unpublished{no-kill-switch,  
 author  = {Gregg Keizer},
 title   = {Mozilla: No 'kill switch' for Firesheep add-on},
 year    =  {2010},
 month   = {October},
 url     = {http://www.computerworld.com/s/article/9193420/Mozilla_No_kill_switch_for_Firesheep_add_on?taxonomyId=17&pageNumber=1},
 annote  = {Computerworld article detailing that Mozilla either can't or won't disable Firesheep from working in Firefox using Firefox's blacklist mechanism},
}

@unpublished{wireshark,  
 title   = {About Wireshark},
 url     = {http://www.wireshark.org/about.html},
 annote  = {Wireshark official website},
}

@unpublished{mozilla-blocklist,  
 title   = {Extensions.blocklist.enabled},
 url     = {http://kb.mozillazine.org/Extensions.blocklist.enabled},
 annote  = {Firefox's own details of how its blacklist works, and what it was for.},
}

@published{virtue-ethics,
author = {Rosalind Hursthouse},
title = {Virtue Ethics},
publisher = {The Stanford Encyclopedia of Philosophy},
url = {http://plato.stanford.edu/cgi-bin/encyclopedia/archinfo.cgi?entry=ethics-virtue},
}



@published{rule-utilitarianism,
author = {Richard Garner},
title = {Moral Philosophy: A Systematic Introduction to Normative Ethics and Meta-ethics.},
publisher = {MacMillan, New York},
}

@unpublished{disconnect-blog,  
 author  = {Brian Kennish},
 title   = {Widgetjacking: Why more social widgets mean less secure Wi-Fi},
 year    =  {2011},
 month   = {November},
 url     = {https://blog.disconnect.me/widgetjacking},
 annote  = {A blog discussing "life after Firesheep"},
}

@unpublished{stack-exchange,  
 author  = {Stack Exchange},
 title   = {Why doesn't the Stack Overflow team fix the Firesheep style cookie theft?},
 year    =  {2010},
 month   = {November},
 url     = {http://meta.stackoverflow.com/questions/69171/why-doesnt-the-stack-overflow-team-fix-the-firesheep-style-cookie-theft},
 annote  = {A post on Stack Exchange asking why they outright refuse to use HTTPS site-wide.},
}

@unpublished{google-stats,  
 author  = {Matt McGee},
 title   = {Report: Google+ Now 2nd-Biggest Social Network Worldwide},
 year    =  {2012},
 url     = {http://marketingland.com/report-google-now-2nd-biggest-social-network-worldwide-31908},
 annote  = {A post detailing Google's Google+ statistics},
}

@unpublished{yahoo-stats,  
 author  = {Rani Molla},
 title   = {Gmail finally beats Hotmail, according to third-party data [chart]},
 year    =  {2012},
 url     = {http://gigaom.com/2012/10/31/gmail-finally-beats-hotmail-according-to-third-party-data-chart/},
 annote  = {A post on detailing the popularity of email clients},
}

@unpublished{facebook-stats,  
 title  = {Facebook Reports First Quarter 2013 Results},
 year    =  {2013},
 month   = {May},
 url     = {http://investor.fb.com/releasedetail.cfm?ReleaseID=761090},
 annote  = {Facebook's first quarter results},
}

@unpublished{facebook-revenue,  
 title  = {Facebook Revenue Exceeds Estimates on Mobile Advertising},
 year    =  {2013},
 month   = {May},
 url     = {http://www.bloomberg.com/news/2013-05-01/facebook-revenue-exceeds-estimates-on-mobile-advertising.html},
 annote  = {Facebook makes most of its money on ad revenue},
}

@unpublished{stack-overflow-stats,  
 author  = {Stack Exchange},
 title   = {Stack Overflow users},
 year    =  {2013},
 month   = {May},
 url     = {http://stackexchange.com/leagues/1/week/stackoverflow},
 annote  = {Live query on Stack Overflow's current user base.},
}

@published{se-code,
 author = {Association for Computing Machinery},
 title = {Software Engineering Code of Ethics and Professional Practice},
 url = {http://www.acm.org/about/se-code},
 annote = {The ACM Code of Ethics that this paper uses to define 'ethics'}}
 
 @unpublished{firesheep-source,
 author = {Eric Butler},
 title = {Firesheep source code (GitHub)},
 url = {https://github.com/codebutler/firesheep/wiki/Handlers},
 annote = {Source code and documentation for Firesheep}}