% the terms like handout and texTemp are the unique identifiers you use to cite the item in your paper



@unpublished{firesheep,  
 author  = {Eric Butler},
 title   = {Firesheep},
 year    =  {2010},
 month   = {October},
 url     = {http://codebutler.com/firesheep/?c=1},
 annote  = {Eric Butler's personal blog post detailing Firesheep.},
}

@unpublished{wireshark,  
 title   = {About Wireshark},
 url     = {http://www.wireshark.org/about.html},
 annote  = {Wireshark official website},
}

@published{se-code,
 author = {Association for Computing Machinery},
 title = {Software Engineering Code of Ethics and Professional Practice},
 url = {http://www.acm.org/about/se-code},
 annote = {The ACM Code of Ethics that this paper uses to define 'ethics'}}
 
 @unpublished{firesheep-source,
 author = {Eric Butler},
 title = {Firesheep source code (GitHub)},
 url = {https://github.com/codebutler/firesheep/wiki/Handlers},
 annote = {Source code and documentation for Firesheep}}